<record><leader>00000cas a2200000 a 4500</leader><controlfield tag="001">13285223</controlfield><controlfield tag="008">860312d18861903txudr ne      0   a0eng  </controlfield><datafield ind1=" " ind2=" " tag="010"><subfield code="a">sn 86071197 </subfield></datafield><datafield ind1=" " ind2=" " tag="040"><subfield code="a">DLC</subfield><subfield code="b">eng</subfield><subfield code="c">DLC</subfield><subfield code="d">NPT</subfield><subfield code="d">PPM</subfield><subfield code="d">KNP</subfield><subfield code="d">MFN</subfield><subfield code="d">KNP</subfield><subfield code="d">CRL</subfield><subfield code="d">OBN</subfield><subfield code="d">OCLCQ</subfield><subfield code="d">DLC</subfield><subfield code="d">OCLCQ</subfield><subfield code="d">DLC</subfield><subfield code="d">OCLCF</subfield></datafield><datafield ind1=" " ind2=" " tag="019"><subfield code="a">995261010</subfield></datafield><datafield ind1="1" ind2=" " tag="022"><subfield code="a">1946-6072</subfield><subfield code="l">1946-6072</subfield><subfield code="2">1</subfield></datafield><datafield ind1="1" ind2=" " tag="029"><subfield code="a">AU@</subfield><subfield code="b">000025833351</subfield></datafield><datafield ind1="1" ind2=" " tag="029"><subfield code="a">NZ1</subfield><subfield code="b">16071137</subfield></datafield><datafield ind1=" " ind2=" " tag="042"><subfield code="a">pcc</subfield><subfield code="a">nsdp</subfield></datafield><datafield ind1=" " ind2=" " tag="043"><subfield code="a">n-us-tx</subfield></datafield><datafield ind1="0" ind2="0" tag="050"><subfield code="a">Newspaper</subfield></datafield><datafield ind1="0" ind2=" " tag="130"><subfield code="a">Houston daily post (Houston, Tex. : 1886)</subfield></datafield><datafield ind1=" " ind2="4" tag="222"><subfield code="a">The Houston daily post</subfield><subfield code="b">(Houston, Tex. 1886)</subfield></datafield><datafield ind1="1" ind2="4" tag="245"><subfield code="a">The Houston daily post.</subfield></datafield><datafield ind1="1" ind2="3" tag="246"><subfield code="a">Houston post</subfield></datafield><datafield ind1="1" ind2="3" tag="246"><subfield code="a">Daily post</subfield></datafield><datafield ind1="1" ind2=" " tag="246"><subfield code="i">Issue for May 15, 1888 Imperial ed. has title:</subfield><subfield code="a">Houston post</subfield></datafield><datafield ind1=" " ind2=" " tag="260"><subfield code="a">Houston, Tex. :</subfield><subfield code="b">Houston Post Pub. Co.</subfield></datafield><datafield ind1=" " ind2=" " tag="300"><subfield code="a">v.</subfield></datafield><datafield ind1=" " ind2=" " tag="310"><subfield code="a">Daily</subfield></datafield><datafield ind1="0" ind2=" " tag="362"><subfield code="a">Vol. 6, no. 275 (Nov. 19, 1886)-v. 12, no. 291 (Dec. 31, 1890) ; 6th year, no. 1843 (Jan. 2, 1891)-19th year, no. 178 (Sept. 30, 1903).</subfield></datafield><datafield ind1=" " ind2=" " tag="530"><subfield code="a">Also available on microfilm from Microfilm Center, Inc.; Micro Photo Div, Bell &amp; Howell Co. and University Microfilm International, and the Library of Congres, Photoduplication Service.</subfield></datafield><datafield ind1=" " ind2=" " tag="530"><subfield code="a">Archived issues are available in digital format as part of the Library of Congress Chronicling America online collection.</subfield></datafield><datafield ind1=" " ind2="0" tag="651"><subfield code="a">Houston (Tex.)</subfield><subfield code="v">Newspapers.</subfield></datafield><datafield ind1=" " ind2="0" tag="651"><subfield code="a">Harris County (Tex.)</subfield><subfield code="v">Newspapers.</subfield></datafield><datafield ind1=" " ind2="7" tag="655"><subfield code="a">Newspapers.</subfield><subfield code="2">fast</subfield><subfield code="0">(OCoLC)fst01423814</subfield></datafield><datafield ind1=" " ind2="7" tag="651"><subfield code="a">Texas</subfield><subfield code="z">Harris County.</subfield><subfield code="2">fast</subfield><subfield code="0">(OCoLC)fst01213346</subfield></datafield><datafield ind1=" " ind2="7" tag="651"><subfield code="a">Texas</subfield><subfield code="z">Houston.</subfield><subfield code="2">fast</subfield><subfield code="0">(OCoLC)fst01205077</subfield></datafield><datafield ind1=" " ind2=" " tag="752"><subfield code="a">United States</subfield><subfield code="b">Texas</subfield><subfield code="c">Harris</subfield><subfield code="d">Houston.</subfield></datafield><datafield ind1="0" ind2=" " tag="775"><subfield code="t">Houston semi-weekly post</subfield><subfield code="w">(DLC)sn 86089645</subfield><subfield code="w">(OCoLC)14393309</subfield></datafield><datafield ind1="0" ind2=" " tag="775"><subfield code="t">Houston weekly post</subfield><subfield code="w">(DLC)sn 86064216</subfield><subfield code="w">(OCoLC)13696102</subfield></datafield><datafield ind1="0" ind2="0" tag="780"><subfield code="t">Houston post (Houston, Tex. : 1883)</subfield><subfield code="w">(DLC)sn 86089791</subfield><subfield code="w">(OCoLC)14445135</subfield></datafield><datafield ind1="0" ind2="0" tag="785"><subfield code="t">Houston post (Houston, Tex. : 1903)</subfield><subfield code="w">(DLC)sn 84024147</subfield><subfield code="w">(OCoLC)10566622</subfield></datafield><datafield ind1="4" ind2="1" tag="856"><subfield code="u">http://www.loc.gov/chroniclingamerica/lccn/sn86071197/issues</subfield></datafield></record>